@INPROCEEDINGS{mm, 
    AUTHOR    = {Edwin Olson AND Pratik Agarwal}, 
    TITLE     = {Inference on networks of mixtures for robust robot mapping}, 
    BOOKTITLE = {Proceedings of Robotics: Science and Systems}, 
    YEAR      = {2012}, 
    ADDRESS   = {Sydney, Australia}, 
    MONTH     = {July} 
}

@misc{mmImplementation,
    author = "Pratik Agarwal and Edwin Olson and Wolfram Burgard",
    title = "Max-mixture - open source implementation with g2o",
    howpublished = "\url{https://github.com/agpratik/max-mixture}",
    year = {2012},
}

@Article{isam,
  author =       {M. Kaess and A. Ranganathan and F. Dellaert},
  fullauthor =   {Michael Kaess and Ananth Ranganathan and Frank Dellaert},
  title =        {{iSAM}: Incremental Smoothing and Mapping},
  journal =      {IEEE Trans. on Robotics (TRO)},
  volume =       {24},
  number =       {6},
  pages =        {1365-1378},
  month =        dec,
  year =         2008,
}

@inproceedings{rogers2010slam,
  title={Slam with expectation maximization for moveable object tracking},
  author={Rogers, John G and Trevor, Alexander JB and Nieto-Granda, Carlos and Christensen, Henrik Iskov},
  booktitle={Intelligent Robots and Systems (IROS), 2010 IEEE/RSJ International Conference on},
  pages={2077--2082},
  year={2010},
  organization={IEEE}
}

@inproceedings{wang2003online,
  title={Online simultaneous localization and mapping with detection and tracking of moving objects: Theory and results from a ground vehicle in crowded urban areas},
  author={Wang, Chieh-Chih and Thorpe, Charles and Thrun, Sebastian},
  booktitle={Robotics and Automation, 2003. Proceedings. ICRA'03. IEEE International Conference on},
  volume={1},
  pages={842--849},
  year={2003},
  organization={IEEE}
}

@inproceedings{g2o,
  title={g2o: A general framework for graph optimization},
  author={Kummerle, Rainer and Grisetti, Giorgio and Strasdat, Hauke and Konolige, Kurt and Burgard, Wolfram},
  booktitle={Robotics and Automation (ICRA), 2011 IEEE International Conference on},
  pages={3607--3613},
  year={2011},
  organization={IEEE}
}

@InProceedings{haehnel03iros,
  author    = {H{\"a}hnel, D. and Burgard, W. and Fox, D. and Thrun, S.},
  title     = {A highly efficient {FastSLAM} algorithm for generating cyclic maps of large-scale environments from raw laser range measurements},
  booktitle = {Proc.~of the IEEE/RSJ International Conference on 
               Intelligent Robots and Systems (IROS)},
  year      = {2003}
} 

