@INPROCEEDINGS{mm, 
    AUTHOR    = {Edwin Olson AND Pratik Agarwal}, 
    TITLE     = {Inference on networks of mixtures for robust robot mapping}, 
    BOOKTITLE = {Proceedings of Robotics: Science and Systems}, 
    YEAR      = {2012}, 
    ADDRESS   = {Sydney, Australia}, 
    MONTH     = {July} 
}

@misc{mmImplementation,
    author = "Pratik Agarwal and Edwin Olson and Wolfram Burgard",
    title = "Max-mixture - open source implementation with g2o",
    howpublished = "\url{https://github.com/agpratik/max-mixture}",
    year = {2012},
}

@Article{isam,
  author =       {M. Kaess and A. Ranganathan and F. Dellaert},
  fullauthor =   {Michael Kaess and Ananth Ranganathan and Frank Dellaert},
  title =        {{iSAM}: Incremental Smoothing and Mapping},
  journal =      {IEEE Trans. on Robotics (TRO)},
  volume =       {24},
  number =       {6},
  pages =        {1365-1378},
  month =        dec,
  year =         2008,
}

@article{wolf05,
  author = {Denis F. Wolf and Gaurav S. Sukhatme},
  title = {Mobile Robot Simultaneous Localization and Mapping in Dynamic Environments},
  journal = {Autonomous Robots},
  volume = {19},
  pages = {53-65},
  month = {July},
  year = 2005,
}

@inproceedings{rogers2010slam,
  title={Slam with expectation maximization for moveable object tracking},
  author={Rogers, John G and Trevor, Alexander JB and Nieto-Granda, Carlos and Christensen, Henrik Iskov},
  booktitle={Proc. of IEEE Conf. on Intelligent Robots and Systems},
  pages={2077--2082},
  year={2010},
  organization={IEEE}
}

@inproceedings{wang2003online,
  title={Online simultaneous localization and mapping with detection and tracking of moving objects: Theory and results from a ground vehicle in crowded urban areas},
  author={Wang, Chieh-Chih and Thorpe, Charles and Thrun, Sebastian},
  booktitle={Proc. of IEEE Conf. on Robotics and Automation},
  volume={1},
  pages={842--849},
  year={2003},
  organization={IEEE}
}

@inproceedings{g2o,
  title={g2o: A general framework for graph optimization},
  author={Kummerle, Rainer and Grisetti, Giorgio and Strasdat, Hauke and Konolige, Kurt and Burgard, Wolfram},
  booktitle={Proc. of IEEE Conf. on Robotics and Automation},
  pages={3607--3613},
  year={2011},
  organization={IEEE}
}

@InProceedings{haehnel03iros,
  author    = {H{\"a}hnel, D. and Burgard, W. and Fox, D. and Thrun, S.},
  title     = {A highly efficient {FastSLAM} algorithm for generating cyclic maps of large-scale environments from raw laser range measurements},
  booktitle = {Proc. of the IEEE Conf. on Intelligent Robots and Systems},
  year      = {2003}
} 

@InProceedings{Switchable12,
  author    = {Niko Sunderhauf and Peter Protzel},
  title     = {Switchable Constraints for Robust Pose Graph SLAM},
  booktitle = {Proc. of IEEE Conf. on Intelligent Robots and Systems},
  year      = {2012}
} 


@incollection{neal1998EM,
  title={A view of the EM algorithm that justifies incremental, sparse, and other variants},
  author={Neal, Radford M and Hinton, Geoffrey E},
  booktitle={Learning in graphical models},
  pages={355--368},
  year={1998},
  publisher={Springer}
}

@InProceedings{DCS,
  author    = {Pratik Agarwal and Gian Diego Tipaldi and Luciano Spinello and Cyrill Stachniss and Wolfram Burgard},
  title     = {Robust Map Optimization using Dynamic Covariance Scaling},
  booktitle = {Proc. of IEEE Conf. on Robotics and Automation},
  year      = {2013}
}

@INPROCEEDINGS{iros14-frog,
  author = {Rafael Ram\'{o}n-Vigo and Javier P\'{e}rez  and Fernando Caballero and Luis Merino},
  title = {Navigating among people in crowded environment: Datasets for localization and human robot interaction},
  booktitle = {Proceedings of the  Workshop on Robots in Clutter: Perception and Interaction in Clutter, IEEE/RSJ International Conference on Intelligent Robots and Systems (IROS)},
  year = {2014},
} 

@inproceedings{olson2006fast,
  title={Fast iterative alignment of pose graphs with poor initial estimates},
  author={Olson, Edwin and Leonard, John and Teller, Seth},
  booktitle={Robotics and Automation, 2006. ICRA 2006. Proceedings 2006 IEEE International Conference on},
  pages={2262--2269},
  year={2006},
  organization={IEEE}
}

@techreport{weiss,
  author = {Jonathan S. Yedidia and William T. Freeman and Yair Weiss},
  title = {Understanding Belief Propagation and its Generalizations},
  institution = {Mitsubishi Electric Research Laboratories},
  year = {2001},
  number = {TR2001-22},
}

@book{opencv,
  title={Learning OpenCV: Computer vision with the OpenCV library},
  author={Bradski, Gary and Kaehler, Adrian},
  year={2008},
  publisher="O'Reilly Media, Inc."
}


@inproceedings{ros,
    author = {Quigley, Morgan and Conley, Ken and Gerkey, Brian and Faust, Josh and Foote, Tully B. and Leibs, Jeremy and Wheeler, Rob and Ng, Andrew Y.},
    booktitle = {ICRA Workshop on Open Source Software},
    title = {{ROS}: an open-source Robot Operating System},
    year = {2009}
}
